
\usepackage{url}

@book{java_tran_processing,
place={Upper Saddle River},
title={Java transaction processing},
publisher={Prentice Hall},
author={Little, Mark and Maron, Jonathan and Pavlik, Greg},
year={2004}
},

@book{building_ms,
    place={Sebastopol},
    edition={1},
    title={Building Microservices},
    publisher={O'Reilly Media, Inc.},
    author={Newman, Sam},
    year={2015}
},

@article{sagas_publ,
    title={Sagas},
    volume={16},
    DOI={10.1145/38714.38742},
    number={3},
    journal={ACM SIGMOD Record},
    author={Garcia-Molina, Hector and Salem, Kenneth},
    year={1987},
    pages={249-259}
},


@misc{reactive_manifesto,
    author={Jonas Bon√©r and Dave Farley and Roland Kuhn and Martin Thompson},
    title={Reactive manifesto},
    url={https://www.reactivemanifesto.org/},
    urldate={2018-03-19},
    journal={Reactivemanifesto.org},
    year={2018}
},
